% Lesson 1:

@online{spqa,
  title    = {SPQA: The AI-based Architecture That'll Replace Most Existing Software},
  addendum = {\biburl{https://danielmiessler.com/blog/spqa-ai-architecture-replace-existing-software}}
}

@online{azure-intro-to-prompt-engineering,
  title    = {Introduction to prompt engineering - Azure OpenAI},
  addendum = {
              \biburl[Introduction]{https://learn.microsoft.com/en-us/azure/cognitive-services/openai/concepts/prompt-engineering}
              \biburl[Techniques]{https://learn.microsoft.com/en-us/azure/cognitive-services/openai/concepts/advanced-prompt-engineering}
              }
}
@online{azure-openai-service-models,
  title    = {Azure OpenAI Service models},
  addendum = {
              \biburl{https://learn.microsoft.com/en-us/azure/cognitive-services/openai/concepts/models}
              }
}
@online{azure-openai-service-models,
  title    = {How to work with the ChatGPT and GPT-4 models (preview)},
  addendum = {
              \biburl{https://learn.microsoft.com/en-us/azure/cognitive-services/openai/how-to/chatgpt}
              }
}

@online{coding-prompts,
  title    = {Chat GPT For Programming: 100+ Coding Prompts For Chat GPT},
  addendum = {\biburl{https://www.greataiprompts.com/chat-gpt/best-coding-prompts-for-chat-gpt}}
}

@online{chatgpt-cheatsheet,
  title    = {Chat-GPT Cheat Sheet V2 : coolguides},
  addendum = {
              \biburl[Reddit]{https://www.reddit.com/r/coolguides/comments/12ouw8o/chatgpt_cheat_sheet_v2}
              \biburl[Cheatsheet]{https://i.redd.it/eunvmybl9cua1.png}
              }
}

@online{jerry-prompt-principles,
  title    = {ChatGPT Prompt Engineering Principles for Developers — Clarity and Specificity in Instructions},
  addendum = {\biburl{https://levelup.gitconnected.com/chatgpt-prompt-engineering-principles-for-developers-clarity-and-specificity-in-instructions-61f60ffd1eed}}
}

@online{Communicate-with-chatgpt,
  title    = {How to Communicate with ChatGPT – A Guide to Prompt Engineering},
  addendum = {\biburl{https://www.freecodecamp.org/news/how-to-communicate-with-ai-tools-prompt-engineering}}
}

@online{learn-prompting,
  title    = {Learn Prompting: Your Guide to Communicating with AI},
  addendum = {
              \biburl[Basics]{https://learnprompting.org/docs/category/-basics}
              \biburl[Intermediate]{https://learnprompting.org/docs/category/\%EF\%B8\%8F-intermediate}
              \biburl[Advanced Applications]{https://learnprompting.org/docs/category/-advanced-applications}
              \biburl[Reliability]{https://learnprompting.org/docs/category/\%EF\%B8\%8F-reliability}
              \biburl[Prompt Hacking]{https://learnprompting.org/docs/category/-prompt-hacking}
              \biburl[Additional Resources]{https://learnprompting.org/docs/additional}
              }
}



% Lesson 2:
@online{starcoder,
  title    = {StarCoder: A State-of-the-Art LLM for Code},
  addendum = {
              \biburl[HuggingFace]{https://huggingface.co/bigcode/starcoder}
              \biburl[GitHub]{https://github.com/bigcode-project/starcoder}
              \biburl[Blog]{https://huggingface.co/blog/starcoder}
              \biburl[Paper]{https://drive.google.com/file/d/1cN-b9GnWtHzQRoE7M7gAEyivY0kl4BYs/view}
              }
}


@online{llm-practice-guide,
  title    = {Harnessing the Power of LLMs in Practice: A Survey on ChatGPT and Beyond},
  addendum = {
              \biburl[arXiv]{https://arxiv.org/abs/2304.13712}
              \biburl[GitHub]{https://github.com/mooler0410/llmspracticalguide}
              }
}

@online{andrew-ng-prompt-engineering,
  title    = {ChatGPT Prompt Engineering for Developers},
  addendum = {
              \biburl[Official Course]{https://www.deeplearning.ai/short-courses/chatgpt-prompt-engineering-for-developers/}
              \biburl[Notebooks]{https://github.com/datawhalechina/prompt-engineering-for-developers/tree/main}
              \biburl[BiliBili]{https://www.bilibili.com/video/BV1No4y1t7Zn}
              }
}

@online{flowgpt,
  title    = {FlowGPT | the best ChatGPT prompts\&AI prompts community},
  addendum = {
              \biburl{https://flowgpt.com/}
              }
}

@online{awesome-chatgpt-prompts,
  title    = {awesome-chatgpt-prompts: This repo includes ChatGPT prompt curation to use ChatGPT better},
  addendum = {
              \biburl[GitHub]{https://github.com/f/awesome-chatgpt-prompts}
              \biburl[Webpage]{https://prompts.chat/}
              \biburl[HuggingFace]{https://huggingface.co/datasets/fka/awesome-chatgpt-prompts}
              }
}

@online{art-of-chatgpt-prompting,
  title    = {The Art of ChatGPT Prompting: A Guide to Crafting Clear and Effective Prompts},
  addendum = {\biburl{https://app.gumroad.com/d/e2e51298d50b8c1bd6c6950a6d11a772}}
}

@online{pgf-tikz-manual,
  title    = {PGF/TikZ Manual},
  addendum = {
              \biburl[PDF]{http://mirrors.ctan.org/graphics/pgf/base/doc/pgfmanual.pdf}
              \biburl[Online Doc]{https://tikz.dev/}
              \biburl[GitHub]{https://github.com/pgf-tikz/pgf}
              }
}